%% This BibTeX bibliography file was created using BibDesk.
%% http://bibdesk.sourceforge.net/


%% Created for Miro Mannino at 2013-06-21 10:44:12 +0200 


%% Saved with string encoding Unicode (UTF-8) 



@inproceedings{chord,
	Author = {Stoica, Ion and Morris, Robert and Karger, David and Kaashoek, M Frans and Balakrishnan, Hari},
	Booktitle = {ACM SIGCOMM Computer Communication Review},
	Date-Added = {2013-06-21 08:44:07 +0000},
	Date-Modified = {2013-06-21 08:44:12 +0000},
	Number = {4},
	Organization = {ACM},
	Pages = {149--160},
	Title = {Chord: A scalable peer-to-peer lookup service for internet applications},
	Volume = {31},
	Year = {2001}}

@misc{omnet++,
	Author = {Developer, OMNET},
	Date-Added = {2013-06-19 09:59:54 +0000},
	Date-Modified = {2013-06-19 10:00:03 +0000},
	Journal = {2010-11-21). Http//www. omnetpp. org},
	Title = {OMNET++ Network Simulation Frame-work}}

@article{small-world,
	Author = {Watts, Duncan J and Strogatz, Steven H},
	Date-Added = {2013-06-19 09:59:06 +0000},
	Date-Modified = {2013-06-19 09:59:12 +0000},
	Journal = {nature},
	Number = {6684},
	Pages = {440--442},
	Publisher = {Nature Publishing Group},
	Title = {Collective dynamics of `small-world'networks},
	Volume = {393},
	Year = {1998}}

@inproceedings{symphony,
	Author = {Manku, Gurmeet Singh and Bawa, Mayank and Raghavan, Prabhakar and others},
	Booktitle = {Proceedings of the 4th USENIX Symposium on Internet Technologies and Systems},
	Date-Added = {2013-06-19 09:57:27 +0000},
	Date-Modified = {2013-06-19 09:59:17 +0000},
	Pages = {10--10},
	Title = {Symphony: Distributed hashing in a small world},
	Volume = {4},
	Year = {2003}}
